@book{biech2007pfeiffer,
	title={The Pfeiffer book of successful team-building tools: Best of the annuals},
	author={Biech, Elaine},
	year={2007},
	publisher={John Wiley \& Sons}
}

@article{turoff1993distributed,
  title={Distributed group support systems},
  author={Turoff, Murray and Hiltz, Starr Roxanne and Bahgat, Ahmed NF and Rana, Ajaz R},
  journal={MIS quarterly},
  year={1993},
  publisher={JSTOR}
}

@inproceedings{huang1998supporting,
  title={Supporting distributed team-building using GSS: A dialogue theory-based framework},
  author={Huang, W and Wei, Kwok Kee and Bostrom, Bob and Lim, Lai-Huat and Watson, Richard T},
  booktitle={Proceedings of the Thirty-First Hawaii International Conference on System Sciences},
  volume={1},
  year={1998},
  organization={IEEE}
}

@article{mcewan2017effectiveness,
  title={The effectiveness of teamwork training on teamwork behaviors and team performance: a systematic review and meta-analysis of controlled interventions},
  author={McEwan, Desmond and Ruissen, Geralyn R and Eys, Mark A and Zumbo, Bruno D and Beauchamp, Mark R},
  journal={PloS one},
  volume={12},
  number={1},
  year={2017},
  publisher={Public Library of Science}
}

@article{rousseau2006teamwork,
  title={Teamwork behaviors: A review and an integration of frameworks},
  author={Rousseau, Vincent and Aub{\'e}, Caroline and Savoie, Andr{\'e}},
  journal={Small group research},
  volume={37},
  number={5},
  year={2006},
  publisher={Sage Publications Sage CA: Thousand Oaks, CA}
}

@article{marks2001temporally,
  title={A temporally based framework and taxonomy of team processes},
  author={Marks, Michelle A and Mathieu, John E and Zaccaro, Stephen J},
  journal={Academy of management review},
  volume={26},
  number={3},
  year={2001},
  publisher={Academy of Management Briarcliff Manor, NY 10510}
}


@article{shuffler2011there,
  title={There’sa science for that: Team development interventions in organizations},
  author={Shuffler, Marissa L and DiazGranados, Deborah and Salas, Eduardo},
  journal={Current Directions in Psychological Science},
  volume={20},
  number={6},
  year={2011},
  publisher={Sage Publications Sage CA: Los Angeles, CA}
}

@inproceedings{steed1999leadership,
  title={Leadership and collaboration in shared virtual environments},
  author={Steed, Anthony and Slater, Mel and Sadagic, Amela and Bullock, Adrian and Tromp, Jolanda},
  booktitle={Proceedings IEEE Virtual Reality (Cat. No. 99CB36316)},
  year={1999},
  organization={IEEE}
}

@article{de2011level,
  title={Level of presence in team-building activities: Gaming component in virtual environments},
  author={De Leo, Gianluca and Goodman, Koren S and Radici, Elena and Secrhist, Scott R and Mastaglio, Thomas W},
  journal={arXiv preprint arXiv:1105.6020},
  year={2011}
}
@article{ranade2009effectiveness,
  title={Effectiveness of team-building and teamwork in real and virtual worlds},
  author={Ranade, Rachana},
  year={2009}
}

@article{durlach2000presence,
  title={Presence in shared virtual environments and virtual togetherness},
  author={Durlach, Nat and Slater, Mel},
  journal={Presence: Teleoperators \& Virtual Environments},
  volume={9},
  number={2},
  pages={214--217},
  year={2000},
  publisher={MIT Press}
}

@article{waters1997rise,
  title={The rise of shared virtual environments},
  author={Waters, Richard C and Barrus, John W},
  journal={Ieee Spectrum},
  volume={34},
  number={3},
  year={1997},
  publisher={IEEE}
}

@inproceedings{pettifer1999designing,
  title={Designing shared virtual environments for social interaction},
  author={Pettifer, Steve and West, Adrian and Crabtree, Andy and Murray, Craig},
  booktitle={Proceedings of 3rd Workshop on Human Computer Interaction},
  year={1999}
}

@article{guzzo1996teams,
  title={Teams in organizations: Recent research on performance and effectiveness},
  author={Guzzo, Richard A and Dickson, Marcus W},
  journal={Annual review of psychology},
  volume={47},
  number={1},
  pages={307--338},
  year={1996},
  publisher={Annual Reviews 4139 El Camino Way, PO Box 10139, Palo Alto, CA 94303-0139, USA}
}

@incollection{zenun2007effects,
  title={The Effects of Teams’ Co-location on Project Performance},
  author={Zenun, Marina Mendon{\c{c}}a Natalino and Loureiro, Geilson and Araujo, Claudiano Sales},
  booktitle={Complex systems concurrent engineering},
  year={2007},
  publisher={Springer}
}

@article{cascio2003leadership,
  title={E-leadership and virtual teams.},
  author={Cascio, Wayne F and Shurygailo, Stan},
  journal={Organizational dynamics},
  year={2003},
  publisher={Elsevier Science}
}

@article{peters2007identifying,
  title={Identifying antecedents of virtual team collaboration},
  author={Peters, Linda M and Manz, Charles C},
  journal={Team Performance Management: An International Journal},
  year={2007},
  publisher={Emerald Group Publishing Limited}
}

@inproceedings{neustaedter2009presenting,
	title={Presenting identity in a virtual world through avatar appearances},
	author={Neustaedter, Carman and Fedorovskaya, Elena},
	booktitle={Proceedings of graphics interface 2009},
	pages={183--190},
	year={2009},
	organization={Canadian Information Processing Society}
}

@article{gassmann2003trends,
	title={Trends and determinants of managing virtual R\&D teams},
	author={Gassmann, Oliver and Von Zedtwitz, Maximilian},
	journal={R\&D Management},
	volume={33},
	number={3},
	pages={243--262},
	year={2003},
	publisher={Wiley Online Library}
}

@article{witmer1998measuring,
	title={Measuring presence in virtual environments: A presence questionnaire},
	author={Witmer, Bob G and Singer, Michael J},
	journal={Presence},
	volume={7},
	number={3},
	pages={225--240},
	year={1998},
	publisher={MIT Press}
}

@article{lombard1997heart,
	title={At the heart of it all: The concept of presence},
	author={Lombard, Matthew and Ditton, Theresa},
	journal={Journal of computer-mediated communication},
	volume={3},
	number={2},
	pages={JCMC321},
	year={1997},
	publisher={Oxford University Press Oxford, UK}
}

@article{slater2003note,
	title={A note on presence terminology},
	author={Slater, Mel},
	journal={Presence connect},
	volume={3},
	number={3},
	pages={1--5},
	year={2003},
	publisher={Citeseer}
}

@article{schuemie2001research,
	title={Research on presence in virtual reality: A survey},
	author={Schuemie, Martijn J and Van Der Straaten, Peter and Krijn, Merel and Van Der Mast, Charles APG},
	journal={CyberPsychology \& Behavior},
	volume={4},
	number={2},
	pages={183--201},
	year={2001},
	publisher={Mary Ann Liebert, Inc.}
}

@article{biocca2002defining,
  title={Defining and measuring social presence: Contribution to the networked minds theory and measure},
  author={Biocca, Frank and Harms, Chad},
  journal={Proceedings of PRESENCE},
  volume={2002},
  pages={1--36},
  year={2002}
}

@article{sutantovicious,
  title={Vicious and Virtuous Cycles in Global Virtual Team Role Coordination},
  author={SUTANTO, Juliana and PHANG, Chee Wei and KUAN, Huei Huang and KANKANHALLI, Atreyi and Bernard, Cheng Yian TAN}
}

@article{herbsleb2000distance,
  title={Distance, Dependencies, and Delay in a Global Collaboration},
  author={Herbsleb, James D and Mockus, Audris and Finholt, Thomas A and Grinter, Rebecca E},
  year={2000}
}

@article{olson2003psychological,
  title={Psychological Aspects of the Human Use of Computing},
  author={Olson, Gary M and Olson, Judith S},
  journal={Annu. Rev. Psychol},
  volume={54},
  pages={491--516},
  year={2003}
}

@article{kaiser2000student,
  title={Student Team Projects by Internet},
  author={Kaiser, Paula R and Tullar, William L and McKowen, Diana},
  journal={Business Communication Quarterly},
  volume={63},
  number={4},
  pages={75},
  year={2000},
  publisher={Association for Business Communication}
}

@article{ren2007applying,
  title={Applying common identity and bond theory to design of online communities},
  author={Ren, Yuqing and Kraut, Robert and Kiesler, Sara},
  journal={Organization studies},
  volume={28},
  number={3},
  pages={377--408},
  year={2007},
  publisher={Sage Publications Sage UK: London, England}
}

@book{haslam2003social,
  title={Social Identity at Work: Developing Theory for Organizational Practice},
  author={Haslam, S Alexander and Haslam, S Alexander and Ellemers, Naomi and Van Knippenberg, Daan and Platow, Michael J},
  year={2003},
  publisher={Psychology Press}
}

@book{thurlow2004computer,
  title={Computer mediated communication},
  author={Thurlow, Crispin and Lengel, Laura and Tomic, Alice},
  year={2004},
  publisher={Sage}
}

@article{jarvenpaa1999communication,
  title={Communication and trust in global virtual teams},
  author={Jarvenpaa, Sirkka L and Leidner, Dorothy E},
  journal={Organization science},
  volume={10},
  number={6},
  pages={791--815},
  year={1999},
  publisher={INFORMS}
}

@article{gilson2015virtual,
  title={Virtual teams research: 10 years, 10 themes, and 10 opportunities},
  author={Gilson, Lucy L and Maynard, M Travis and Jones Young, Nicole C and Vartiainen, Matti and Hakonen, Marko},
  journal={Journal of management},
  volume={41},
  number={5},
  pages={1313--1337},
  year={2015},
  publisher={Sage Publications Sage CA: Los Angeles, CA}
}