
% Journals

% First the Full Name is given, then the abbreviation used in the AMS Math
% Reviews, with an indication if it could not be found there.
% Note the 2nd overwrites the 1st, so swap them if you want the full name.

 %{AMS}
 @String{AMSTrans = "American Mathematical Society Translations" }
 @String{AMSTrans = "Amer. Math. Soc. Transl." }
 @String{BullAMS = "Bulletin of the American Mathematical Society" }
 @String{BullAMS = "Bull. Amer. Math. Soc." }
 @String{ProcAMS = "Proceedings of the American Mathematical Society" }
 @String{ProcAMS = "Proc. Amer. Math. Soc." }
 @String{TransAMS = "Transactions of the American Mathematical Society" }
 @String{TransAMS = "Trans. Amer. Math. Soc." }

 %ACM
 @String{CACM = "Communications of the {ACM}" }
 @String{CACM = "Commun. {ACM}" }
 @String{CompServ = "Comput. Surveys" }
 @String{JACM = "J. ACM" }
 @String{ACMMathSoft = "{ACM} Transactions on Mathematical Software" }
 @String{ACMMathSoft = "{ACM} Trans. Math. Software" }
 @String{SIGNUM = "{ACM} {SIGNUM} Newsletter" }
 @String{SIGNUM = "{ACM} {SIGNUM} Newslett." }

 @String{AmerSocio = "American Journal of Sociology" }
 @String{AmerStatAssoc = "Journal of the American Statistical Association" }
 @String{AmerStatAssoc = "J. Amer. Statist. Assoc." }
 @String{ApplMathComp = "Applied Mathematics and Computation" }
 @String{ApplMathComp = "Appl. Math. Comput." }
 @String{AmerMathMonthly = "American Mathematical Monthly" }
 @String{AmerMathMonthly = "Amer. Math. Monthly" }
 @String{BIT = "{BIT}" }
 @String{BritStatPsych = "British Journal of Mathematical and Statistical
          Psychology" }
 @String{BritStatPsych = "Brit. J. Math. Statist. Psych." }
 @String{CanMathBull = "Canadian Mathematical Bulletin" }
 @String{CanMathBull = "Canad. Math. Bull." }
 @String{CompApplMath = "Journal of Computational and Applied Mathematics" }
 @String{CompApplMath = "J. Comput. Appl. Math." }
 @String{CompPhys = "Journal of Computational Physics" }
 @String{CompPhys = "J. Comput. Phys." }
 @String{CompStruct = "Computers and Structures" }
 @String{CompStruct = "Comput. \& Structures" }
 @String{CompJour = "The Computer Journal" }
 @String{CompJour = "Comput. J." }
 @String{CompSysSci = "Journal of Computer and System Sciences" }
 @String{CompSysSci = "J. Comput. System Sci." }
 @String{Computing = "Computing" }
 @String{ContempMath = "Contemporary Mathematics" }
 @String{ContempMath = "Contemp. Math." }
 @String{Crelle = "Crelle's Journal" }
 @String{GiornaleMath = "Giornale di Mathematiche" }
 @String{GiornaleMath = "Giorn. Mat." } % didn't find in AMS MR., ibid.

 %IEEE
 @String{Computer = "{IEEE} Computer" }
 @String{IEEETransComp = "{IEEE} Transactions on Computers" }
 @String{IEEETransComp = "{IEEE} Trans. Comput." }
 @String{IEEETransAC = "{IEEE} Transactions on Automatic Control" }
 @String{IEEETransAC = "{IEEE} Trans. Automat. Control" }
 @String{IEEESpec = "{IEEE} Spectrum" } % didn't find in AMS MR
 @String{ProcIEEE = "Proceedings of the {IEEE}" }
 @String{ProcIEEE = "Proc. {IEEE}" } % didn't find in AMS MR
 @String{IEEETransAeroElec = "{IEEE} Transactions on Aerospace and Electronic
     Systems" }
 @String{IEEETransAeroElec = "{IEEE} Trans. Aerospace Electron. Systems" }

 @String{IMANumerAna = "{IMA} Journal of Numerical Analysis" }
 @String{IMANumerAna = "{IMA} J. Numer. Anal." }
 @String{InfProcLet = "Information Processing Letters" }
 @String{InfProcLet = "Inform. Process. Lett." }
 @String{InstMathApp = "Journal of the Institute of Mathematics and
     its Applications" }
 @String{InstMathApp = "J. Inst. Math. Appl." }
 @String{IntControl = "International Journal of Control" }
 @String{IntControl = "Internat. J. Control" }
 @String{IntNumerEng = "International Journal for Numerical Methods in
     Engineering" }
 @String{IntNumerEng = "Internat. J. Numer. Methods Engrg." }
 @String{IntSuper = "International Journal of Supercomputing Applications" }
 @String{IntSuper = "Internat. J. Supercomputing Applic." } % didn't find
%% in AMS MR
 @String{Kibernetika = "Kibernetika" }
 @String{JResNatBurStand = "Journal of Research of the National Bureau
     of Standards" }
 @String{JResNatBurStand = "J. Res. Nat. Bur. Standards" }
 @String{LinAlgApp = "Linear Algebra and its Applications" }
 @String{LinAlgApp = "Linear Algebra Appl." }
 @String{MathAnaAppl = "Journal of Mathematical Analysis and Applications" }
 @String{MathAnaAppl = "J. Math. Anal. Appl." }
 @String{MathAnnalen = "Mathematische Annalen" }
 @String{MathAnnalen = "Math. Ann." }
 @String{MathPhys = "Journal of Mathematical Physics" }
 @String{MathPhys = "J. Math. Phys." }
 @String{MathComp = "Mathematics of Computation" }
 @String{MathComp = "Math. Comp." }
 @String{MathScand = "Mathematica Scandinavica" }
 @String{MathScand = "Math. Scand." }
 @String{TablesAidsComp = "Mathematical Tables and Other Aids to Computation" }
 @String{TablesAidsComp = "Math. Tables Aids Comput." }
 @String{NumerMath = "Numerische Mathematik" }
 @String{NumerMath = "Numer. Math." }
 @String{PacificMath = "Pacific Journal of Mathematics" }
 @String{PacificMath = "Pacific J. Math." }
 @String{ParDistComp = "Journal of Parallel and Distributed Computing" }
 @String{ParDistComp = "J. Parallel and Distrib. Comput." } % didn't find
%% in AMS MR
 @String{ParComputing = "Parallel Computing" }
 @String{ParComputing = "Parallel Comput." }
 @String{PhilMag = "Philosophical Magazine" }
 @String{PhilMag = "Philos. Mag." }
 @String{ProcNAS = "Proceedings of the National Academy of Sciences
                    of the USA" }
 @String{ProcNAS = "Proc. Nat. Acad. Sci. U. S. A." }
 @String{Psychometrika = "Psychometrika" }
 @String{QuartMath = "Quarterly Journal of Mathematics, Oxford, Series (2)" }
 @String{QuartMath = "Quart. J. Math. Oxford Ser. (2)" }
 @String{QuartApplMath = "Quarterly of Applied Mathematics" }
 @String{QuartApplMath = "Quart. Appl. Math." }
 @String{RevueInstStat = "Review of the International Statisical Institute" }
 @String{RevueInstStat = "Rev. Inst. Internat. Statist." }

 %SIAM
 @String{JSIAM = "Journal of the Society for Industrial and Applied
     Mathematics" }
 @String{JSIAM = "J. Soc. Indust. Appl. Math." }
 @String{JSIAMB = "Journal of the Society for Industrial and Applied
     Mathematics, Series B, Numerical Analysis" }
 @String{JSIAMB = "J. Soc. Indust. Appl. Math. Ser. B Numer. Anal." }
 @String{SIAMAlgMeth = "{SIAM} Journal on Algebraic and Discrete Methods" }
 @String{SIAMAlgMeth = "{SIAM} J. Algebraic Discrete Methods" }
 @String{SIAMAppMath = "{SIAM} Journal on Applied Mathematics" }
 @String{SIAMAppMath = "{SIAM} J. Appl. Math." }
 @String{SIAMComp = "{SIAM} Journal on Computing" }
 @String{SIAMComp = "{SIAM} J. Comput." }
 @String{SIAMMatrix = "{SIAM} Journal on Matrix Analysis and Applications" }
 @String{SIAMMatrix = "{SIAM} J. Matrix Anal. Appl." }
 @String{SIAMNumAnal = "{SIAM} Journal on Numerical Analysis" }
 @String{SIAMNumAnal = "{SIAM} J. Numer. Anal." }
 @String{SIAMReview = "{SIAM} Review" }
 @String{SIAMReview = "{SIAM} Rev." }
 @String{SIAMSciStat = "{SIAM} Journal on Scientific and Statistical
     Computing" }
 @String{SIAMSciStat = "{SIAM} J. Sci. Statist. Comput." }

 @String{SoftPracExp = "Software Practice and Experience" }
 @String{SoftPracExp = "Software Prac. Experience" } % didn't find in AMS MR
 @String{StatScience = "Statistical Science" }
 @String{StatScience = "Statist. Sci." }
 @String{Techno = "Technometrics" }
 @String{USSRCompMathPhys = "{USSR} Computational Mathematics and Mathematical
     Physics" }
 @String{USSRCompMathPhys = "{U. S. S. R.} Comput. Math. and Math. Phys." }
 @String{VLSICompSys = "Journal of {VLSI} and Computer Systems" }
 @String{VLSICompSys = "J. {VLSI} Comput. Syst." }
 @String{ZAngewMathMech = "Zeitschrift fur Angewandte Mathematik und
     Mechanik" }
 @String{ZAngewMathMech = "Z. Angew. Math. Mech." }
 @String{ZAngewMathPhys = "Zeitschrift fur Angewandte Mathematik und Physik" }
 @String{ZAngewMathPhys = "Z. Angew. Math. Phys." }

% Publishers % ================================================= |

 @String{Academic = "Academic Press" }
 @String{ACMPress = "{ACM} Press" }
 @String{AdamHilger = "Adam Hilger" }
 @String{AddisonWesley = "Addison-Wesley" }
 @String{AllynBacon = "Allyn and Bacon" }
 @String{AMS = "American Mathematical Society" }
 @String{Birkhauser = "Birkha{\"u}ser" }
 @String{CambridgePress = "Cambridge University Press" }
 @String{Chelsea = "Chelsea" }
 @String{ClaredonPress = "Claredon Press" }
 @String{DoverPub = "Dover Publications" }
 @String{Eyolles = "Eyolles" }
 @String{HoltRinehartWinston = "Holt, Rinehart and Winston" }
 @String{Interscience = "Interscience" }
 @String{JohnsHopkinsPress = "The Johns Hopkins University Press" }
 @String{JohnWileySons = "John Wiley and Sons" }
 @String{Macmillan = "Macmillan" }
 @String{MathWorks = "The Math Works Inc." }
 @String{McGrawHill = "McGraw-Hill" }
 @String{NatBurStd = "National Bureau of Standards" }
 @String{NorthHolland = "North-Holland" }
 @String{OxfordPress = "Oxford University Press" }  %address Oxford or London?
 @String{PergamonPress = "Pergamon Press" }
 @String{PlenumPress = "Plenum Press" }
 @String{PrenticeHall = "Prentice-Hall" }
 @String{SIAMPub = "{SIAM} Publications" }
 @String{Springer = "Springer-Verlag" }
 @String{TexasPress = "University of Texas Press" }
 @String{VanNostrand = "Van Nostrand" }
 @String{WHFreeman = "W. H. Freeman and Co." }

%Entries
@article{biocca1992virtual,
  title={Virtual reality technology: A tutorial},
  author={Biocca, Frank},
  journal={Journal of communication},
  volume={42},
  number={4},
  pages={23--72},
  year={1992},
  publisher={Wiley Online Library},
  doi={10.1111/j.1460-2466.1992.tb00811.x}
}

@article{en2010does,
  title={How does trust affect the performance of ongoing teams? The mediating role of reflexivity, monitoring, and effort},
  author={De Jong, Bart A and Elfring, Tom},
  journal={Academy of Management Journal},
  volume={53},
  number={3},
  pages={535--549},
  year={2010},
  publisher={Academy of Management Briarcliff Manor, NY},
  doi={10.5465/AMJ.2010.51468649}
}

@article{de2016trust,
  title={Trust and team effectiveness: a meta-analysis of critical contingencies and mediating mechanisms},
  author={De Jong, BA and Dirks, KT and Gillespie, N},
  journal={J Appl Psychol},
  volume={101},
  pages={1134--1150},
  year={2016}
}

@inproceedings{dufner2002asynchronous,
  title={Asynchronous team support: perceptions of the group problem solving process when using a cybercollaboratory},
  author={Dufner, Donna K and Park, Yong-Tae and Kwon, Ojoung and Peng, Qing},
  booktitle={Proceedings of the 35th Annual Hawaii International Conference on System Sciences},
  pages={12--20},
  year={2002},
  organization={IEEE}
}

@article{becker2002fuhrung,
  title={Führung virtueller Teams: Kognitive Modelle der Führungskraft, Teamprozesse und Teameffektivität},
  author={Becker, Martin and Hess, GABRIELA and STOLL, FRANCOIS and GROTE, GUDELA and MANCHEN-SPORRI, SYLVIA},
  journal={Zürich},
  year={2002}
}

@article{handke2019alles,
  title={Alles eine Frage der Zeit? Herausforderungen virtueller Teams und deren Bewältigung am Beispiel der Softwareentwicklung},
  author={Handke, Lisa and Kauffeld, Simone},
  journal={Gruppe. Interaktion. Organisation. Zeitschrift für Angewandte Organisationspsychologie (GIO)},
  volume={50},
  number={1},
  pages={33--41},
  year={2019},
  publisher={Springer},
  doi={10.1007/s11612-019-00445-5}
}

@article{lin2008model,
  title={A model to develop effective virtual teams},
  author={Lin, Chad and Standing, Craig and Liu, Ying-Chieh},
  journal={Decision support systems},
  volume={45},
  number={4},
  pages={1031--1045},
  year={2008},
  publisher={Elsevier},
  doi={10.1016/j.dss.2008.04.002}
}

@article{ale2009virtual,
  title={Virtual teams: A literature review},
  author={Ale Ebrahim, Nader and Ahmed, Shamsuddin and Taha, Zahari},
  journal={Australian journal of basic and applied sciences},
  volume={3},
  number={3},
  doi = {10.6084/M9.FIGSHARE.1067906},
  pages={2653--2669},
  year={2009}
}

@article{wong2000virtual,
  title={Virtual teams: what are their characteristics, and impact on team performance?},
  author={Wong, Sze-Sze and Burton, Richard M},
  journal={Computational \& Mathematical organization theory},
  volume={6},
  number={4},
  pages={339--360},
  year={2000},
  publisher={Springer},
  doi={10.1023/A:1009654229352}
}

@book{hafelinger2013koordinationstherapie,
  title={Koordinationstherapie: Propriozeptives Training},
  author={Häfelinger, Ulla and Schuba, Violetta},
  year={2013},
  publisher={Meyer \& Meyer Verlag},
  pages={23}
}

@article{razali2011power,
  title={Power comparisons of shapiro-wilk, kolmogorov-smirnov, lilliefors and anderson-darling tests},
  author={Razali, Nornadiah Mohd and Wah, Yap Bee and others},
  journal={Journal of statistical modeling and analytics},
  volume={2},
  number={1},
  pages={23},
  year={2011}
}

@book{eichhorn2005prinzip,
  title={Das Prinzip Wirtschaftlichkeit},
  author={Eichhorn, Peter and Merk, Joachim},
  year={2005},
  publisher={Springer}
}

@inproceedings{gast2011unheimliche,
  title={Das Unheimliche der Ambivalenz},
  author={Gast, Lilli},
  booktitle={Forum der Psychoanalyse},
  volume={27},
  number={4},
  pages={349--358},
  year={2011},
  organization={Springer},
  doi={10.1007/s00451-011-0084-6}
}


@book{brewer1981,
  title={Scientific inquiry and the social sciences},
  journal={Scientific inquiry and the social sciences},
  author={Brewer, Marilynn and Campbell, Donald T},
  year={1981},
  pages={345--360},
  publisher={Jossey Bass Wiley}
}

@article{stolle2002trusting,
  title={Trusting strangers - The concept of generalized trust in perspective},
  author={Stolle, Dietlind},
  journal={Österreichische Zeitschrift für Politikwissenschaft},
  volume={31},
  number={4},
  pages={397--412},
  year={2002},
}

@misc{kim2018real,
  title={Real-time Inverse Kinematics Technique for Controlling Redundant Avatar Arm},
  author={Kim, Sanghyun and Kim, Junhyung and Bae, Ji-Hun and Park, Jaeheung},
  year={2018}
}

@book{kucuk2006robot,
  title={Robot kinematics: Forward and inverse kinematics},
  author={Kucuk, Serdar and Bingul, Zafer},
  year={2006},
  publisher={INTECH Open Access Publisher},
  doi={10.5772/5015}
}

@book{beggs1983kinematics,
  title={Kinematics},
  author={Beggs, Joseph Stiles},
  year={1983},
  publisher={CRC Press}
}

@inproceedings{d2001learning,
  title={Learning inverse kinematics},
  author={D'Souza, Aaron and Vijayakumar, Sethu and Schaal, Stefan},
  booktitle={Proceedings 2001 IEEE/RSJ International Conference on Intelligent Robots and Systems. Expanding the Societal Role of Robotics in the the Next Millennium},
  volume={1},
  pages={298--303},
  year={2001},
  organization={IEEE},
  doi={10.1109/IROS.2001.973374}
}

@inproceedings{waldow2019investigating,
  title={Investigating the effect of embodied visualization in remote collaborative augmented reality},
  author={Waldow, Kristoffer and Fuhrmann, Arnulph and Grünvogel, Stefan M},
  booktitle={Virtual Reality and Augmented Reality},
  pages={246--262},
  year={2019},
  publisher={Springer},
  doi={10.1007/978-3-030-31908-3_15}
}

@misc{ijsselsteijn2001presence,
  title={Presence: Where are we?},
  author={Ijsselsteijn, Wijnand A and Freeman, Jonathan and De Ridder, Huib},
  year={2001},
  publisher={Mary Ann Liebert, Inc.},
  doi={10.1089/109493101300117875}
}

@article{biocca1999cyborg,
  title={The cyborg's dilemma: Progressive embodiment in virtual environments},
  author={Biocca, Frank},
  journal={Human Factors in Information Technology},
  volume={13},
  pages={113--144},
  year={1999},
  publisher={Citeseer},
  doi={10.1111/j.1083-6101.1997.tb00070.x}
}


@article{martins2004virtual,
  title={Virtual teams: What do we know and where do we go from here?},
  author={Martins, Luis L and Gilson, Lucy L and Maynard, M Travis},
  journal={Journal of management},
  volume={30},
  number={6},
  pages={805--835},
  year={2004},
  publisher={Elsevier},
  doi={10.1016/j.jm.2004.05.002}
}


@inproceedings{roth2016avatar,
  title={Avatar realism and social interaction quality in virtual reality},
  author={Roth, Daniel and Lugrin, Jean-Luc and Galakhov, Dmitri and Hofmann, Arvid and Bente, Gary and Latoschik, Marc Erich and Fuhrmann, Arnulph},
  booktitle={2016 IEEE Virtual Reality (VR)},
  pages={277--278},
  year={2016},
  organization={IEEE},
  doi={10.1109/VR.2016.7504761}
}

@article{peck2013putting,
  title={Putting yourself in the skin of a black avatar reduces implicit racial bias},
  author={Peck, Tabitha C and Seinfeld, Sofia and Aglioti, Salvatore M and Slater, Mel},
  journal={Consciousness and cognition},
  volume={22},
  number={3},
  pages={779--787},
  year={2013},
  publisher={Elsevier},
  doi={doi.org/10.1016/j.concog.2013.04.016}
}

@article{slater2010first,
  title={First person experience of body transfer in virtual reality},
  author={Slater, Mel and Spanlang, Bernhard and Sanchez-Vives, Maria V and Blanke, Olaf},
  journal={PloS one},
  volume={5},
  number={5},
  year={2010},
  publisher={Public Library of Science},
  doi={10.1371/journal.pone.0010564}
}


@article{lewis1985trust,
  title={Trust as a social reality},
  author={Lewis, J David and Weigert, Andrew},
  journal={Social forces},
  volume={63},
  number={4},
  pages={967--985},
  year={1985},
  publisher={Oxford University Press},
  doi={10.2307/2578601}
}

@article{mooradian2006trusts,
  title={Who trusts? Personality, trust and knowledge sharing},
  author={Mooradian, Todd and Renzl, Birgit and Matzler, Kurt},
  journal={Management learning},
  volume={37},
  number={4},
  pages={523--540},
  year={2006},
  publisher={Sage Publications Sage CA: Thousand Oaks, CA},
  doi={10.1177/1350507606073424}
}

@article{rousseau1998not,
  title={Not so different after all: A cross-discipline view of trust},
  author={Rousseau, Denise M and Sitkin, Sim B and Burt, Ronald S and Camerer, Colin},
  journal={Academy of management review},
  volume={23},
  number={3},
  pages={393--404},
  year={1998},
  publisher={Academy of Management Briarcliff Manor, NY 10510},
  doi={10.5465/AMR.1998.926617}
}

@article{rotter1967new,
  title={A new scale for the measurement of interpersonal trust.},
  author={Rotter, Julian B},
  journal={Journal of personality},
  year={1967},
  publisher={Blackwell Publishing},
  doi={10.1111/j.1467-6494.1967.tb01454.x}
}

@article{riedl2014trusting,
  title={Trusting humans and avatars: A brain imaging study based on evolution theory},
  author={Riedl, Ren{\'e} and Mohr, Peter NC and Kenning, Peter H and Davis, Fred D and Heekeren, Hauke R},
  journal={Journal of Management Information Systems},
  volume={30},
  number={4},
  pages={83--114},
  year={2014},
  publisher={Taylor \& Francis},
  doi={10.2753/MIS0742-1222300404}
}

@article{gunawardena1995social,
  title={Social presence theory and implications for interaction and collaborative learning in computer conferences},
  author={Gunawardena, Charlotte N},
  journal={International journal of educational telecommunications},
  volume={1},
  number={2},
  pages={147--166},
  year={1995},
  publisher={Association for the Advancement of Computing in Education (AACE)}
}

@article{schweitzer2010conceptualizing,
  title={Conceptualizing and measuring the virtuality of teams},
  author={Schweitzer, Linda and Duxbury, Linda},
  journal={Information systems journal},
  volume={20},
  number={3},
  pages={267--295},
  year={2010},
  publisher={Wiley Online Library},
  doi={10.1111/j.1365-2575.2009.00326.x}
}

@article{baldwin1992relational,
  title={Relational schemas and the processing of social information.},
  author={Baldwin, Mark W},
  journal={Psychological bulletin},
  volume={112},
  number={3},
  pages={461},
  year={1992},
  publisher={American Psychological Association},
  doi={10.1037/0033-2909.112.3.461}
}

@article{bigley1998straining,
  title={Straining for shared meaning in organization science: Problems of trust and distrust},
  author={Bigley, Gregory A and Pearce, Jone L},
  journal={Academy of management review},
  volume={23},
  number={3},
  pages={405--421},
  year={1998},
  publisher={Academy of Management Briarcliff Manor, NY 10510},
  doi={10.2307/259286}
}

@article{meyerson1996swift,
  title={Swift trust and temporary groups},
  author={Meyerson, Debra and Weick, Karl E and Kramer, Roderick M and others},
  journal={Trust in organizations: Frontiers of theory and research},
  volume={166},
  pages={195},
  year={1996},
  publisher={Sage Publications, Inc.},
  doi={10.4135/9781452243610.n9}
}

@article{salas2005there,
  title={Is there a “big five” in teamwork?},
  author={Salas, Eduardo and Sims, Dana E and Burke, C Shawn},
  journal={Small group research},
  volume={36},
  number={5},
  pages={555--599},
  year={2005},
  publisher={Sage Publications Sage CA: Thousand Oaks, CA},
  doi={10.1177/1046496405277134}
}

@book{cohen2013statistical,
  title={Statistical power analysis for the behavioral sciences},
  author={Cohen, Jacob},
  year={1988},
  publisher={Erlbaum}
}

@misc{IPQ,
title={igroup presence questionnaire (IPQ) overview},
author={Schubert, T and Friedmann, F and Regenbrecht, H},
url={http://www.igroup.org/pq/ipq/index.php},
note="Angerufen am 01.11.2020"
}

@misc{NASATLX,
  title={NASA-TLX: Task Load Index},
  author={Sandra Hart},
  year={1980},
  organization={NASA Ames Research Center’s (ARC)},
  url={https://humansystems.arc.nasa.gov/groups/tlx/index.php},
  note="Angerufen am 02.11.2020"
}


@article{nowak2003effect,
  title={The effect of the agency and anthropomorphism on users' sense of telepresence, copresence, and social presence in virtual environments},
  author={Nowak, Kristine L and Biocca, Frank},
  journal={Presence: Teleoperators \& Virtual Environments},
  volume={12},
  number={5},
  pages={481--494},
  year={2003},
  publisher={MIT Press},
  doi={10.1162/105474603322761289}
}

@article{gibson2003team,
  title={Team effectiveness in multinational organizations: Evaluation across contexts},
  author={Gibson, Cristina B and Zellmer-Bruhn, Mary E and Schwab, Donald P},
  journal={Group \& Organization Management},
  volume={28},
  number={4},
  pages={444--474},
  year={2003},
  publisher={Sage Publications},
  doi={10.1177/1059601103251685}
}

@article{gonzalez2014climate,
  title={Climate uniformity: Its influence on team communication quality, task conflict, and team performance.},
  author={Gonz{\'a}lez-Rom{\'a}, Vicente and Hern{\'a}ndez, Ana},
  journal={Journal of Applied Psychology},
  volume={99},
  number={6},
  pages={1042--1058},
  year={2014},
  publisher={American Psychological Association},
  doi={10.1037/a0037868}
}

@article{dodds2011talk,
  title={Talk to the virtual hands: Self-animated avatars improve communication in head-mounted display virtual environments},
  author={Dodds, Trevor J and Mohler, Betty J and B{\"u}lthoff, Heinrich H},
  journal={PloS one},
  volume={6},
  number={10},
  year={2011},
  publisher={Public Library of Science},
  doi={10.1371/journal.pone.0025759}
}

@book{construal2014connected,
  title={Connected to My Avatar: Effects of Avatar Embodiments on User Cognitions, Behaviors},
  author={Biocca, Frank},
  booktitle={Social Computing and Social Media: 6th International Conference, SCSM 2014, Held as Part of HCI International 2014, Heraklion, Crete, Greece, June 22-27, 2014, Proceedings},
  volume={8531},
  pages={421},
  year={2014},
  organization={Springer}
}


@article{schultze2010embodiment,
  title={Embodiment and presence in virtual worlds: a review},
  author={Schultze, Ulrike},
  journal={Journal of Information Technology},
  volume={25},
  number={4},
  pages={434--449},
  year={2010},
  publisher={Springer},
  doi={10.1057/jit.2009.25}
}

@inproceedings{benford1995user,
  title={User embodiment in collaborative virtual environments},
  author={Benford, Steve and Bowers, John and Fahl{\'e}n, Lennart E and Greenhalgh, Chris and Snowdon, Dave},
  booktitle={Proceedings of the SIGCHI conference on Human factors in computing systems},
  pages={242--249},
  year={1995},
  doi={10.1145/223904.223935}
}


@article{lok2003effects,
  title={Effects of handling real objects and self-avatar fidelity on cognitive task performance and sense of presence in virtual environments},
  author={Lok, Benjamin and Naik, Samir and Whitton, Mary and Brooks, Frederick P},
  journal={Presence: Teleoperators \& Virtual Environments},
  volume={12},
  number={6},
  pages={615--628},
  year={2003},
  publisher={MIT Press},
  doi={10.1162/105474603322955914}
}


@article{thornhill1998relative,
  title={The relative importance of size and asymmetry in sexual selection},
  author={Thornhill, R and M{\o}ller, AP},
  journal={Behavioral Ecology},
  volume={9},
  number={6},
  pages={546--551},
  year={1998},
  publisher={Oxford University Press},
  doi={10.1093/beheco/9.6.546}
}

@article{grammer1994human,
  title={Human (Homo sapiens) facial attractiveness and sexual selection: the role of symmetry and averageness.},
  author={Grammer, Karl and Thornhill, Randy},
  journal={Journal of comparative psychology},
  volume={108},
  number={3},
  pages={233},
  year={1994},
  publisher={American Psychological Association},
  doi={10.1037/0735-7036.108.3.233}
}

@article{rhodes1998facial,
  title={Facial symmetry and the perception of beauty},
  author={Rhodes, Gillian and Proffitt, Fiona and Grady, Jonathon M and Sumich, Alex},
  journal={Psychonomic Bulletin \& Review},
  volume={5},
  number={4},
  pages={659--669},
  year={1998},
  publisher={Springer},
  doi={10.3758/BF03208842}
}

@article{johansson1975visual,
  title={Visual motion perception},
  author={Johansson, Gunnar},
  journal={Scientific American},
  volume={232},
  number={6},
  pages={76--89},
  year={1975},
  publisher={JSTOR},
}

@article{slater2009we,
  title={How we experience immersive virtual environments: the concept of presence and its measurement},
  author={Slater, Mel and Lotto, Beau and Arnold, Maria Marta and S{\'a}nchez-Vives, Mar{\'\i}a Victoria},
  journal={Anuario de Psicolog{\'\i}a},
  volume={40},
  pages={193--210},
  year={2009},
  publisher={Universitat de Barcelona}
}

@article{milliken1996searching,
  title={Searching for common threads: Understanding the multiple effects of diversity in organizational groups},
  author={Milliken, Frances J and Martins, Luis L},
  journal={Academy of management review},
  volume={21},
  number={2},
  pages={402--433},
  year={1996},
  publisher={Academy of Management Briarcliff Manor, NY 10510},
  doi={10.5465/amr.1996.9605060217}
}

@book{dyer1995team,
  title={Team building: Current issues and new alternatives},
  author={Dyer, William G},
  volume={3},
  year={1995},
  pages={154},
  publisher={Addison-Wesley}
}

@misc{statistaCorona2020,
title={Corona-Krise: Anteil der Belegschaft, der im Homeoffice arbeitete, aktuell arbeitet oder theoretisch arbeiten könnte in Deutschland im 2. Quartal 2020},
author={statista},
year={2020},
url={https://de.statista.com/statistik/daten/studie/1204173/umfrage/befragung-zur-homeoffice-nutzung-in-der-corona-pandemie/},
note="Aufgerufen am 03.02.2021"
}

@article{guadagno2007virtual,
  title={Virtual humans and persuasion: The effects of agency and behavioral realism},
  author={Guadagno, Rosanna E and Blascovich, Jim and Bailenson, Jeremy N and McCall, Cade},
  journal={Media Psychology},
  volume={10},
  number={1},
  pages={1--22},
  year={2007},
  publisher={Taylor \& Francis},
  doi={10.1080/15213260701300865}
}

@book{jerald2015vr,
  title={The VR book: Human-centered design for virtual reality},
  author={Jerald, Jason},
  year={2015},
  publisher={Morgan \& Claypool}
}

@misc{maxwell1960psycho,
  title={Psycho-cybernetics: A new way to get more living out of life},
  author={Maxwell, Maltz},
  year={1960},
  publisher={Upper Saddle River, NJ: Prentice Hall}
}

@article{botvinick1998rubber,
  title={Rubber hands ‘feel’touch that eyes see},
  author={Botvinick, Matthew and Cohen, Jonathan},
  journal={Nature},
  volume={391},
  number={6669},
  pages={756--756},
  year={1998},
  publisher={Nature Publishing Group},
  doi={https://doi.org/10.1038/35784}
}

@article{biocca2001criteria,
  title={Criteria and scope conditions for a theory and measure of social presence},
  author={Biocca, Frank and Burgoon, Judee and Harms, Chad and Stoner, Matt},
  journal={Presence: Teleoperators and virtual environments},
  year={2001}
}

@article{mcknight2011trust,
  title={Trust in a specific technology: An investigation of its components and measures},
  author={Mcknight, D Harrison and Carter, Michelle and Thatcher, Jason Bennett and Clay, Paul F},
  journal={ACM Transactions on management information systems (TMIS)},
  volume={2},
  number={2},
  pages={1--25},
  year={2011},
  publisher={ACM New York, NY, USA},
  doi={10.1145/1985347.1985353}
}

@inproceedings{george2018trusting,
  title={Trusting Strangers in Immersive Virtual Reality},
  author={George, Ceenu and Eiband, Malin and Hufnagel, Michael and Hussmann, Heinrich},
  booktitle={Proceedings of the 23rd International Conference on Intelligent User Interfaces Companion},
  pages={1--2},
  year={2018},
  doi={10.1145/3180308.3180355}
}

@inproceedings{bente2004social,
  title={Social presence and interpersonal trust in avatar-based, collaborative net-communications},
  author={Bente, Gary and R{\"u}ggenberg, Sabine and Kr{\"a}mer, Nicole C},
  booktitle={Proceedings of the Seventh Annual International Workshop on Presence},
  pages={54--61},
  year={2004}
}

@article{holton2001building,
  title={Building trust and collaboration in a virtual team},
  author={Holton, Judith A},
  journal={Team performance management: an international journal},
  year={2001},
  publisher={MCB UP Ltd},
  doi={10.1108/13527590110395621}
}


@misc{TrustAndTheVirtualOrganisation,
title={Trust and the Virtual Organization},
author={Charles Handy},
publisher={Harvard Business Review},
page={2-8},
year={1995},
url={https://hbr.org/1995/05/trust-and-the-virtual-organization},
note="Aufgerufen am 11.12.2021"
}


@book{biech2007pfeiffer,
	title={The Pfeiffer book of successful team-building tools: Best of the annuals},
	author={Biech, Elaine},
	year={2007},
	publisher={John Wiley \& Sons}
}

@article{turoff1993distributed,
  title={Distributed group support systems},
  author={Turoff, Murray and Hiltz, Starr Roxanne and Bahgat, Ahmed NF and Rana, Ajaz R},
  journal={MIS quarterly},
  year={1993},
  publisher={JSTOR},
  doi={10.2307/249585}
}

@inproceedings{huang1998supporting,
  title={Supporting distributed team-building using GSS: A dialogue theory-based framework},
  author={Huang, W and Wei, Kwok Kee and Bostrom, Bob and Lim, Lai-Huat and Watson, Richard T},
  booktitle={Proceedings of the Thirty-First Hawaii International Conference on System Sciences},
  volume={1},
  year={1998},
  organization={IEEE},
  doi={10.1109/HICSS.1998.653089}
}


@article{rousseau2006teamwork,
  title={Teamwork behaviors: A review and an integration of frameworks},
  author={Rousseau, Vincent and Aub{\'e}, Caroline and Savoie, Andr{\'e}},
  journal={Small group research},
  volume={37},
  number={5},
  year={2006},
  publisher={Sage Publications Sage CA: Thousand Oaks, CA},
  doi={10.1177/1046496406293125}
}

@article{marks2001temporally,
  title={A temporally based framework and taxonomy of team processes},
  author={Marks, Michelle A and Mathieu, John E and Zaccaro, Stephen J},
  journal={Academy of management review},
  volume={26},
  number={3},
  year={2001},
  publisher={Academy of Management Briarcliff Manor, NY 10510},
  doi={10.2307/259182}
}


@article{shuffler2011there,
  title={There’sa science for that: Team development interventions in organizations},
  author={Shuffler, Marissa L and DiazGranados, Deborah and Salas, Eduardo},
  journal={Current Directions in Psychological Science},
  volume={20},
  number={6},
  year={2011},
  publisher={Sage Publications Sage CA: Los Angeles, CA},
  doi={10.1177/0963721411422054}
}

@inproceedings{steed1999leadership,
  title={Leadership and collaboration in shared virtual environments},
  author={Steed, Anthony and Slater, Mel and Sadagic, Amela and Bullock, Adrian and Tromp, Jolanda},
  booktitle={Proceedings IEEE Virtual Reality},
  year={1999},
  organization={IEEE},
  doi={10.1109/VR.1999.756941}
}

@article{de2011level,
  title={Level of presence in team-building activities: Gaming component in virtual environments},
  author={De Leo, Gianluca and Goodman, Koren S and Radici, Elena and Secrhist, Scott R and Mastaglio, Thomas W},
  journal={arXiv},
  year={2011},
  doi={10.5121/ijma.2011.3201}
}


@article{waters1997rise,
  title={The rise of shared virtual environments},
  author={Waters, Richard C and Barrus, John W},
  journal={Ieee Spectrum},
  volume={34},
  number={3},
  year={1997},
  publisher={IEEE},
  doi={10.1109/6.576004}
}

@inproceedings{pettifer1999designing,
  title={Designing shared virtual environments for social interaction},
  author={Pettifer, Steve and West, Adrian and Crabtree, Andy and Murray, Craig},
  booktitle={Proceedings of 3rd Workshop on Human Computer Interaction},
  year={1999}
}

@article{guzzo1996teams,
  title={Teams in organizations: Recent research on performance and effectiveness},
  author={Guzzo, Richard A and Dickson, Marcus W},
  journal={Annual review of psychology},
  volume={47},
  number={1},
  pages={307--338},
  year={1996},
  publisher={Annual Reviews USA},
  doi={10.1146/annurev.psych.47.1.307}
}

@incollection{zenun2007effects,
  title={The Effects of Teams’ Co-location on Project Performance},
  author={Zenun, Marina Mendonca Natalino and Loureiro, Geilson and Araujo, Claudiano Sales},
  booktitle={Complex systems concurrent engineering},
  year={2007},
  publisher={Springer},
  doi={10.1007/978-1-84628-976-7_79}
}

@article{cascio2003leadership,
  title={E-leadership and virtual teams.},
  author={Cascio, Wayne F and Shurygailo, Stan},
  journal={Organizational dynamics},
  year={2003},
  publisher={Elsevier Science},
  doi={10.1109/EMR.2008.4490142}
}

@article{peters2007identifying,
  title={Identifying antecedents of virtual team collaboration},
  author={Peters, Linda M and Manz, Charles C},
  journal={Team Performance Management: An International Journal},
  year={2007},
  publisher={Emerald Group Publishing Limited},
  doi={10.1108/13527590710759865}
}

@inproceedings{neustaedter2009presenting,
	title={Presenting identity in a virtual world through avatar appearances},
	author={Neustaedter, Carman and Fedorovskaya, Elena},
	booktitle={Proceedings of graphics interface 2009},
	pages={183--190},
	year={2009},
	organization={Canadian Information Processing Society}
}


@article{witmer1998measuring,
	title={Measuring presence in virtual environments: A presence questionnaire},
	author={Witmer, Bob G and Singer, Michael J},
	journal={Presence},
	volume={7},
	number={3},
	pages={225--240},
	year={1998},
	publisher={MIT Press},
	doi={10.1145/985921.985934}
}

@article{lombard1997heart,
	title={At the heart of it all: The concept of presence},
	author={Lombard, Matthew and Ditton, Theresa},
	journal={Journal of computer-mediated communication},
	volume={3},
	number={2},
	pages={JCMC321},
	year={1997},
	publisher={Oxford University Press Oxford, UK},
	doi={10.1111/j.1083-6101.1997.tb00072.x}
}

@article{slater2003note,
	title={A note on presence terminology},
	author={Slater, Mel},
	journal={Presence connect},
	volume={3},
	number={3},
	pages={1--5},
	year={2003},
	publisher={Citeseer}
}

@article{schuemie2001research,
	title={Research on presence in virtual reality: A survey},
	author={Schuemie, Martijn J and Van Der Straaten, Peter and Krijn, Merel and Van Der Mast, Charles APG},
	journal={CyberPsychology \& Behavior},
	volume={4},
	number={2},
	pages={183--201},
	year={2001},
	publisher={Mary Ann Liebert, Inc.},
	doi={10.1089/109493101300117884}
}

@article{biocca2002defining,
  title={Defining and measuring social presence: Contribution to the networked minds theory and measure},
  author={Biocca, Frank and Harms, Chad},
  journal={Proceedings of PRESENCE},
  volume={2002},
  pages={1--36},
  year={2002}
}


@article{ren2007applying,
  title={Applying common identity and bond theory to design of online communities},
  author={Ren, Yuqing and Kraut, Robert and Kiesler, Sara},
  journal={Organization studies},
  volume={28},
  number={3},
  pages={377--408},
  year={2007},
  publisher={Sage Publications Sage UK: London, England},
  doi={10.1177/0170840607076007}
}

@article{neitzel2010bin,
  title={Wer bin ich? Thesen zur Avatar-Spieler Bindung},
  author={Neitzel, Britta},
  year={2010},
  publisher={LIT},
  doi={10.25969/mediarep/1195.}
}

@book{haslam2003social,
  title={Social Identity at Work: Developing Theory for Organizational Practice},
  author={Haslam, S Alexander and Haslam, S Alexander and Ellemers, Naomi and Van Knippenberg, Daan and Platow, Michael J},
  year={2003},
  publisher={Psychology Press}
}

@book{thurlow2004computer,
  title={Computer mediated communication},
  author={Thurlow, Crispin and Lengel, Laura and Tomic, Alice},
  year={2004},
  publisher={Sage}
}

@article{jarvenpaa1999communication,
  title={Communication and trust in global virtual teams},
  author={Jarvenpaa, Sirkka L and Leidner, Dorothy E},
  journal={Organization science},
  volume={10},
  number={6},
  pages={791--815},
  year={1998},
  publisher={INFORMS},
  doi={10.1111/j.1083-6101.1998.tb00080.x}
}

@article{gilson2015virtual,
  title={Virtual teams research: 10 years, 10 themes, and 10 opportunities},
  author={Gilson, Lucy L and Maynard, M Travis and Jones Young, Nicole C and Vartiainen, Matti and Hakonen, Marko},
  journal={Journal of management},
  volume={41},
  number={5},
  pages={1313--1337},
  year={2015},
  publisher={Sage Publications Sage CA: Los Angeles, CA},
  doi={10.1177/0149206314559946}
}

@book{duarte2006mastering,
  title={Mastering virtual teams: Strategies, tools, and techniques that succeed},
  author={Duarte, Deborah L and Snyder, Nancy Tennant},
  year={2006},
  publisher={John Wiley \& Sons},
  doi={10.1016/S1096-7516(01)00040-9}
}

@article{davis2000trusted,
  title={The trusted general manager and business unit performance: Empirical evidence of a competitive advantage},
  author={Davis, James H and Schoorman, F David and Mayer, Roger C and Tan, Hwee Hoon},
  journal={Strategic management journal},
  volume={21},
  number={5},
  pages={563--576},
  year={2000},
  publisher={Wiley Online Library}
}

@article{hertel2004managing,
  title={Managing distance by interdependence: Goal setting, task interdependence, and team-based rewards in virtual teams},
  author={Hertel, Guido and Konradt, Udo and Orlikowski, Borris},
  journal={European Journal of work and organizational psychology},
  volume={13},
  number={1},
  pages={1--28},
  year={2004},
  publisher={Taylor \& Francis},
  doi={10.1080/13594320344000228}
}

@article{dirks1999effects,
  title={The effects of interpersonal trust on work group performance.},
  author={Dirks, Kurt T},
  journal={Journal of applied psychology},
  volume={84},
  number={3},
  pages={445},
  year={1999},
  publisher={American Psychological Association},
  doi={10.1037/0021-9010.84.3.445}
}

@article{pan2017impact,
  title={The impact of self-avatars on trust and collaboration in shared virtual environments},
  author={Pan, Ye and Steed, Anthony},
  journal={PloS one},
  volume={12},
  number={12},
  year={2017},
  publisher={Public Library of Science San Francisco, CA USA},
  doi={10.1371/journal.pone.0189078}
}

@article{breuer2016does,
  title={Does trust matter more in virtual teams? A meta-analysis of trust and team effectiveness considering virtuality and documentation as moderators.},
  author={Breuer, Christina and H{\"u}ffmeier, Joachim and Hertel, Guido},
  journal={Journal of Applied Psychology},
  volume={101},
  number={8},
  pages={1151},
  year={2016},
  publisher={American Psychological Association},
  doi={10.1037/apl0000113}
}

@article{johnson2005cognitive,
  title={Cognitive and affective trust in service relationships},
  author={Johnson, Devon and Grayson, Kent},
  journal={Journal of Business research},
  volume={58},
  number={4},
  pages={500--507},
  year={2005},
  publisher={Elsevier},
  doi={10.1016/S0148-2963(03)00140-1}
}

@article{cook1980new,
  title={New work attitude measures of trust, organizational commitment and personal need non-fulfilment},
  author={Cook, John and Wall, Toby},
  journal={Journal of occupational psychology},
  volume={53},
  number={1},
  pages={39--52},
  year={1980},
  publisher={Wiley Online Library},
  doi={10.1111/j.2044-8325.1980.tb00005.x}
}

@article{mcallister1995affect,
  title={Affect-and cognition-based trust as foundations for interpersonal cooperation in organizations},
  author={McAllister, Daniel J},
  journal={Academy of management journal},
  volume={38},
  number={1},
  pages={24--59},
  year={1995},
  publisher={Academy of Management Briarcliff Manor, NY 10510},
  doi={10.2307/256727}
}

@article{polzer2006extending,
  title={Extending the faultline model to geographically dispersed teams: How colocated subgroups can impair group functioning},
  author={Polzer, Jeffrey T and Crisp, C Brad and Jarvenpaa, Sirkka L and Kim, Jerry W},
  journal={Academy of management Journal},
  volume={49},
  number={4},
  pages={679--692},
  year={2006},
  publisher={Academy of Management Briarcliff Manor, NY 10510},
  doi={10.2307/20159792}
}


@article{prichard2007effects,
  title={The effects of team-skills training on transactive memory and performance},
  author={Prichard, Jane S and Ashleigh, Melanie J},
  journal={Small group research},
  volume={38},
  number={6},
  pages={696--726},
  year={2007},
  publisher={Sage Publications Sage CA: Los Angeles, CA},
  doi={10.1177/1046496407304923}
}

@article{mayer1995integrative,
  title={An integrative model of organizational trust},
  author={Mayer, Roger C and Davis, James H and Schoorman, F David},
  journal={Academy of management review},
  volume={20},
  number={3},
  pages={709--734},
  year={1995},
  publisher={Academy of Management Briarcliff Manor, NY 10510},
  doi={10.2307/258792}
}

@article{mcknight1998initial,
  title={Initial trust formation in new organizational relationships},
  author={McKnight, D Harrison and Cummings, Larry L and Chervany, Norman L},
  journal={Academy of Management review},
  volume={23},
  number={3},
  pages={473--490},
  year={1998},
  publisher={Academy of Management Briarcliff Manor, NY 10510},
  doi={10.2307/259290}
}

@article{dirks2002trust,
  title={Trust in leadership: Meta-analytic findings and implications for research and practice.},
  author={Dirks, Kurt T and Ferrin, Donald L},
  journal={Journal of applied psychology},
  volume={87},
  number={4},
  pages={611},
  year={2002},
  publisher={American Psychological Association},
  doi={10.1037/0021-9010.87.4.611}
}

@article{couch1996assessment,
  title={The assessment of trust orientation},
  author={Couch, Lauri L and Adams, Jeffrey M and Jones, Warren H},
  journal={Journal of personality assessment},
  volume={67},
  number={2},
  pages={305-323},
  year={1996},
  publisher={Taylor \& Francis},
  doi={10.1207/s15327752jpa6702_7}
}

@article{jones1998experience,
  title={The experience and evolution of trust: Implications for cooperation and teamwork},
  author={Jones, Gareth R and George, Jennifer M},
  journal={Academy of management review},
  volume={23},
  number={3},
  pages={531--546},
  year={1998},
  publisher={Academy of Management Briarcliff Manor, NY 10510},
  doi={10.2307/259293}
}

@book{sherman2003understanding,
  title={Understanding virtual reality—Interface, application, and design},
  author={Sherman, William R and Craig, Alan B},
  year={2003},
  publisher={MIT Press One Rogers Street, Cambridge, MA 02142-1209, USA journals-info~…}
}